@book{liemrst,
  title={An Introduction to Reservoir Simulation Using MATLAB/GNU Octave},
  author={Lie, Knut-Andreas},
  year={2018}
}
@misc{lieMrstUrl,
    key = {User Guide for the MATLAB Reservoir Simulation Toolbox (MRST)},
	title = {An Introduction to Reservoir Simulation Using MATLAB/GNU Octave},
	year = {2018},
    url = {https://folk.ntnu.no/andreas/mrst/mrst-cam.pdf},
    urldate = {2018-10-25},
    note = {Accessed 25.10.2018}
}


